{
  "exportDate": "2025-08-06T07:50:40.484Z",
  "totalResults": 1,
  "successCount": 1,
  "results": [
    {
      "url": "https://tw.stock.yahoo.com/quote/2330.TW/revenue",
      "data": {
        "stockInfo": "Yahoo奇摩財經",
        "structuredRevenueData": [
          {
            "fiscalPeriod": "2025/06",
            "revenue": 263708978000,
            "monthlyGrowth": -0.1772,
            "yearOverYearGrowth": 0.06860000000000001,
            "cumulativeRevenue": null,
            "cumulativeGrowth": null
          },
          {
            "fiscalPeriod": "2025/05",
            "revenue": 320515951000,
            "monthlyGrowth": 0.08310000000000001,
            "yearOverYearGrowth": 0.0959,
            "cumulativeRevenue": null,
            "cumulativeGrowth": null
          },
          {
            "fiscalPeriod": "2025/04",
            "revenue": 34956694000,
            "monthlyGrowth": 0.2224,
            "yearOverYearGrowth": 0.08109999999999999,
            "cumulativeRevenue": null,
            "cumulativeGrowth": null
          },
          {
            "fiscalPeriod": "2025/03",
            "revenue": 28595683000,
            "monthlyGrowth": 0.0998,
            "yearOverYearGrowth": 0.0649,
            "cumulativeRevenue": null,
            "cumulativeGrowth": null
          },
          {
            "fiscalPeriod": "2025/02",
            "revenue": 260008796000,
            "monthlyGrowth": -0.11349999999999999,
            "yearOverYearGrowth": 0.031400000000000004,
            "cumulativeRevenue": null,
            "cumulativeGrowth": null
          },
          {
            "fiscalPeriod": "2025/01",
            "revenue": 29328838000,
            "monthlyGrowth": 0.054400000000000004,
            "yearOverYearGrowth": 0.0592,
            "cumulativeRevenue": null,
            "cumulativeGrowth": null
          },
          {
            "fiscalPeriod": "2024/12",
            "revenue": 278163107000,
            "monthlyGrowth": 0.0076,
            "yearOverYearGrowth": 0.07780000000000001,
            "cumulativeRevenue": null,
            "cumulativeGrowth": null
          },
          {
            "fiscalPeriod": "2024/11",
            "revenue": 276058358000,
            "monthlyGrowth": -0.1215,
            "yearOverYearGrowth": 0.039900000000000005,
            "cumulativeRevenue": null,
            "cumulativeGrowth": null
          },
          {
            "fiscalPeriod": "2024/10",
            "revenue": 314239713000,
            "monthlyGrowth": 0.24760000000000001,
            "yearOverYearGrowth": 0.09210000000000002,
            "cumulativeRevenue": null,
            "cumulativeGrowth": null
          },
          {
            "fiscalPeriod": "2024/09",
            "revenue": 251872717000,
            "monthlyGrowth": 0.004,
            "yearOverYearGrowth": 0.096,
            "cumulativeRevenue": null,
            "cumulativeGrowth": null
          },
          {
            "fiscalPeriod": "2024/08",
            "revenue": 250866368000,
            "monthlyGrowth": 0.023700000000000002,
            "yearOverYearGrowth": 0.029500000000000002,
            "cumulativeRevenue": null,
            "cumulativeGrowth": null
          },
          {
            "fiscalPeriod": "2024/07",
            "revenue": 25695358000,
            "monthlyGrowth": 0.2361,
            "yearOverYearGrowth": 0.0467,
            "cumulativeRevenue": null,
            "cumulativeGrowth": null
          },
          {
            "fiscalPeriod": "2024/06",
            "revenue": 207868693000,
            "monthlyGrowth": 0.0947,
            "yearOverYearGrowth": 0.028999999999999998,
            "cumulativeRevenue": null,
            "cumulativeGrowth": null
          },
          {
            "fiscalPeriod": "2024/05",
            "revenue": 229620372000,
            "monthlyGrowth": 0.0271,
            "yearOverYearGrowth": 0.0007000000000000001,
            "cumulativeRevenue": null,
            "cumulativeGrowth": null
          },
          {
            "fiscalPeriod": "2024/04",
            "revenue": 236021112000,
            "monthlyGrowth": 0.2091,
            "yearOverYearGrowth": 0.0958,
            "cumulativeRevenue": null,
            "cumulativeGrowth": null
          },
          {
            "fiscalPeriod": "2024/03",
            "revenue": 1952108000,
            "monthlyGrowth": 0.4747,
            "yearOverYearGrowth": 0.0425,
            "cumulativeRevenue": null,
            "cumulativeGrowth": null
          },
          {
            "fiscalPeriod": "2024/02",
            "revenue": 181648270000,
            "monthlyGrowth": -0.1582,
            "yearOverYearGrowth": 0.0132,
            "cumulativeRevenue": null,
            "cumulativeGrowth": null
          },
          {
            "fiscalPeriod": "2024/01",
            "revenue": 215785127000,
            "monthlyGrowth": 0.47869999999999996,
            "yearOverYearGrowth": 0.0787,
            "cumulativeRevenue": null,
            "cumulativeGrowth": null
          },
          {
            "fiscalPeriod": "2023/12",
            "revenue": 176299866000,
            "monthlyGrowth": -0.14429999999999998,
            "yearOverYearGrowth": -0.08439999999999999,
            "cumulativeRevenue": null,
            "cumulativeGrowth": null
          },
          {
            "fiscalPeriod": "2023/11",
            "revenue": 206026179000,
            "monthlyGrowth": -0.15289999999999998,
            "yearOverYearGrowth": -0.07490000000000001,
            "cumulativeRevenue": null,
            "cumulativeGrowth": null
          },
          {
            "fiscalPeriod": "2023/10",
            "revenue": 243202811000,
            "monthlyGrowth": 0.3479,
            "yearOverYearGrowth": 0.056600000000000004,
            "cumulativeRevenue": null,
            "cumulativeGrowth": null
          },
          {
            "fiscalPeriod": "2023/09",
            "revenue": 180430282000,
            "monthlyGrowth": 0.0438,
            "yearOverYearGrowth": -0.1336,
            "cumulativeRevenue": null,
            "cumulativeGrowth": null
          },
          {
            "fiscalPeriod": "2023/08",
            "revenue": 188686256000,
            "monthlyGrowth": 0.0623,
            "yearOverYearGrowth": -0.135,
            "cumulativeRevenue": null,
            "cumulativeGrowth": null
          },
          {
            "fiscalPeriod": "2023/07",
            "revenue": 17761622000,
            "monthlyGrowth": 0.1356,
            "yearOverYearGrowth": -0.049,
            "cumulativeRevenue": null,
            "cumulativeGrowth": null
          },
          {
            "fiscalPeriod": "2023/06",
            "revenue": 156404174000,
            "monthlyGrowth": -0.114,
            "yearOverYearGrowth": -0.1107,
            "cumulativeRevenue": null,
            "cumulativeGrowth": null
          },
          {
            "fiscalPeriod": "2023/05",
            "revenue": 176537345000,
            "monthlyGrowth": 0.1936,
            "yearOverYearGrowth": -0.049400000000000006,
            "cumulativeRevenue": null,
            "cumulativeGrowth": null
          },
          {
            "fiscalPeriod": "2023/04",
            "revenue": 147899735000,
            "monthlyGrowth": 0.0171,
            "yearOverYearGrowth": -0.1429,
            "cumulativeRevenue": null,
            "cumulativeGrowth": null
          },
          {
            "fiscalPeriod": "2023/03",
            "revenue": 145408332000,
            "monthlyGrowth": 0.10890000000000001,
            "yearOverYearGrowth": -0.15439999999999998,
            "cumulativeRevenue": null,
            "cumulativeGrowth": null
          },
          {
            "fiscalPeriod": "2023/02",
            "revenue": 163174097000,
            "monthlyGrowth": -0.1843,
            "yearOverYearGrowth": 0.0105,
            "cumulativeRevenue": null,
            "cumulativeGrowth": null
          },
          {
            "fiscalPeriod": "2023/01",
            "revenue": 20005054000,
            "monthlyGrowth": 0.4389,
            "yearOverYearGrowth": 0.061900000000000004,
            "cumulativeRevenue": null,
            "cumulativeGrowth": null
          },
          {
            "fiscalPeriod": "2022/12",
            "revenue": 192560242000,
            "monthlyGrowth": 0.1354,
            "yearOverYearGrowth": 0.0393,
            "cumulativeRevenue": null,
            "cumulativeGrowth": null
          },
          {
            "fiscalPeriod": "2022/11",
            "revenue": 22270599000,
            "monthlyGrowth": 0.3592,
            "yearOverYearGrowth": 0.0021,
            "cumulativeRevenue": null,
            "cumulativeGrowth": null
          },
          {
            "fiscalPeriod": "2022/10",
            "revenue": 21026563000,
            "monthlyGrowth": 0.3097,
            "yearOverYearGrowth": 0.0629,
            "cumulativeRevenue": null,
            "cumulativeGrowth": null
          },
          {
            "fiscalPeriod": "2022/09",
            "revenue": 208247663000,
            "monthlyGrowth": 0.0453,
            "yearOverYearGrowth": 0.0639,
            "cumulativeRevenue": null,
            "cumulativeGrowth": null
          },
          {
            "fiscalPeriod": "2022/08",
            "revenue": 218132391000,
            "monthlyGrowth": 0.0873,
            "yearOverYearGrowth": 0.0873,
            "cumulativeRevenue": null,
            "cumulativeGrowth": null
          },
          {
            "fiscalPeriod": "2022/07",
            "revenue": 186762689000,
            "monthlyGrowth": 0.061900000000000004,
            "yearOverYearGrowth": 0.09939999999999999,
            "cumulativeRevenue": null,
            "cumulativeGrowth": null
          },
          {
            "fiscalPeriod": "2022/06",
            "revenue": 175874001000,
            "monthlyGrowth": 0.0529,
            "yearOverYearGrowth": 0.08460000000000001,
            "cumulativeRevenue": null,
            "cumulativeGrowth": null
          },
          {
            "fiscalPeriod": "2022/05",
            "revenue": 185705425000,
            "monthlyGrowth": 0.0762,
            "yearOverYearGrowth": 0.0528,
            "cumulativeRevenue": null,
            "cumulativeGrowth": null
          },
          {
            "fiscalPeriod": "2022/04",
            "revenue": 17256138000,
            "monthlyGrowth": 0.20350000000000001,
            "yearOverYearGrowth": 0.050199999999999995,
            "cumulativeRevenue": null,
            "cumulativeGrowth": null
          },
          {
            "fiscalPeriod": "2022/03",
            "revenue": 171966525000,
            "monthlyGrowth": 0.1704,
            "yearOverYearGrowth": 0.0318,
            "cumulativeRevenue": null,
            "cumulativeGrowth": null
          },
          {
            "fiscalPeriod": "2022/02",
            "revenue": 146933238000,
            "monthlyGrowth": -0.1466,
            "yearOverYearGrowth": 0.07919999999999999,
            "cumulativeRevenue": null,
            "cumulativeGrowth": null
          },
          {
            "fiscalPeriod": "2022/01",
            "revenue": 17217611000,
            "monthlyGrowth": 0.1081,
            "yearOverYearGrowth": 0.0584,
            "cumulativeRevenue": null,
            "cumulativeGrowth": null
          },
          {
            "fiscalPeriod": "2021/12",
            "revenue": 15538223000,
            "monthlyGrowth": 0.3239,
            "yearOverYearGrowth": 0.0239,
            "cumulativeRevenue": null,
            "cumulativeGrowth": null
          },
          {
            "fiscalPeriod": "2021/11",
            "revenue": 148267599000,
            "monthlyGrowth": 0.18739999999999998,
            "yearOverYearGrowth": 0.0874,
            "cumulativeRevenue": null,
            "cumulativeGrowth": null
          },
          {
            "fiscalPeriod": "2021/10",
            "revenue": 134539477000,
            "monthlyGrowth": -0.1188,
            "yearOverYearGrowth": 0.0277,
            "cumulativeRevenue": null,
            "cumulativeGrowth": null
          },
          {
            "fiscalPeriod": "2021/09",
            "revenue": 152685418000,
            "monthlyGrowth": 0.1967,
            "yearOverYearGrowth": 0.0967,
            "cumulativeRevenue": null,
            "cumulativeGrowth": null
          },
          {
            "fiscalPeriod": "2021/08",
            "revenue": 137427162000,
            "monthlyGrowth": 0.1033,
            "yearOverYearGrowth": 0.0184,
            "cumulativeRevenue": null,
            "cumulativeGrowth": null
          },
          {
            "fiscalPeriod": "2021/07",
            "revenue": 124557799000,
            "monthlyGrowth": -0.1611,
            "yearOverYearGrowth": 0.0755,
            "cumulativeRevenue": null,
            "cumulativeGrowth": null
          },
          {
            "fiscalPeriod": "2021/06",
            "revenue": 14847066000,
            "monthlyGrowth": 0.3214,
            "yearOverYearGrowth": 0.028300000000000002,
            "cumulativeRevenue": null,
            "cumulativeGrowth": null
          },
          {
            "fiscalPeriod": "2021/05",
            "revenue": 112359668000,
            "monthlyGrowth": 0.009399999999999999,
            "yearOverYearGrowth": 0.09759999999999999,
            "cumulativeRevenue": null,
            "cumulativeGrowth": null
          }
        ]
      },
      "timestamp": "2025-08-06T07:50:40.481Z",
      "success": true,
      "screenshot": "<Buffer 811860 bytes>"
    }
  ]
}
