{
  "exportDate": "2025-08-09T08:02:46.718Z",
  "totalResults": 1,
  "successCount": 1,
  "results": [
    {
      "url": "https://tw.stock.yahoo.com/quote/2330.TW/revenue",
      "data": {
        "stockInfo": "Yahoo奇摩財經",
        "fiscalPeriodsArray": [
          {
            "year": 2025,
            "month": 7,
            "originalPeriod": "2025/07"
          },
          {
            "year": 2025,
            "month": 6,
            "originalPeriod": "2025/06"
          },
          {
            "year": 2025,
            "month": 5,
            "originalPeriod": "2025/05"
          },
          {
            "year": 2025,
            "month": 4,
            "originalPeriod": "2025/04"
          },
          {
            "year": 2025,
            "month": 3,
            "originalPeriod": "2025/03"
          },
          {
            "year": 2025,
            "month": 2,
            "originalPeriod": "2025/02"
          },
          {
            "year": 2025,
            "month": 1,
            "originalPeriod": "2025/01"
          },
          {
            "year": 2024,
            "month": 12,
            "originalPeriod": "2024/12"
          },
          {
            "year": 2024,
            "month": 11,
            "originalPeriod": "2024/11"
          },
          {
            "year": 2024,
            "month": 10,
            "originalPeriod": "2024/10"
          },
          {
            "year": 2024,
            "month": 9,
            "originalPeriod": "2024/09"
          },
          {
            "year": 2024,
            "month": 8,
            "originalPeriod": "2024/08"
          },
          {
            "year": 2024,
            "month": 7,
            "originalPeriod": "2024/07"
          },
          {
            "year": 2024,
            "month": 6,
            "originalPeriod": "2024/06"
          },
          {
            "year": 2024,
            "month": 5,
            "originalPeriod": "2024/05"
          },
          {
            "year": 2024,
            "month": 4,
            "originalPeriod": "2024/04"
          },
          {
            "year": 2024,
            "month": 3,
            "originalPeriod": "2024/03"
          },
          {
            "year": 2024,
            "month": 2,
            "originalPeriod": "2024/02"
          },
          {
            "year": 2024,
            "month": 1,
            "originalPeriod": "2024/01"
          },
          {
            "year": 2023,
            "month": 12,
            "originalPeriod": "2023/12"
          },
          {
            "year": 2023,
            "month": 11,
            "originalPeriod": "2023/11"
          },
          {
            "year": 2023,
            "month": 10,
            "originalPeriod": "2023/10"
          },
          {
            "year": 2023,
            "month": 9,
            "originalPeriod": "2023/09"
          },
          {
            "year": 2023,
            "month": 8,
            "originalPeriod": "2023/08"
          },
          {
            "year": 2023,
            "month": 7,
            "originalPeriod": "2023/07"
          },
          {
            "year": 2023,
            "month": 6,
            "originalPeriod": "2023/06"
          },
          {
            "year": 2023,
            "month": 5,
            "originalPeriod": "2023/05"
          },
          {
            "year": 2023,
            "month": 4,
            "originalPeriod": "2023/04"
          },
          {
            "year": 2023,
            "month": 3,
            "originalPeriod": "2023/03"
          },
          {
            "year": 2023,
            "month": 2,
            "originalPeriod": "2023/02"
          },
          {
            "year": 2023,
            "month": 1,
            "originalPeriod": "2023/01"
          },
          {
            "year": 2022,
            "month": 12,
            "originalPeriod": "2022/12"
          },
          {
            "year": 2022,
            "month": 11,
            "originalPeriod": "2022/11"
          },
          {
            "year": 2022,
            "month": 10,
            "originalPeriod": "2022/10"
          },
          {
            "year": 2022,
            "month": 9,
            "originalPeriod": "2022/09"
          },
          {
            "year": 2022,
            "month": 8,
            "originalPeriod": "2022/08"
          },
          {
            "year": 2022,
            "month": 7,
            "originalPeriod": "2022/07"
          },
          {
            "year": 2022,
            "month": 6,
            "originalPeriod": "2022/06"
          },
          {
            "year": 2022,
            "month": 5,
            "originalPeriod": "2022/05"
          },
          {
            "year": 2022,
            "month": 4,
            "originalPeriod": "2022/04"
          },
          {
            "year": 2022,
            "month": 3,
            "originalPeriod": "2022/03"
          },
          {
            "year": 2022,
            "month": 2,
            "originalPeriod": "2022/02"
          },
          {
            "year": 2022,
            "month": 1,
            "originalPeriod": "2022/01"
          },
          {
            "year": 2021,
            "month": 12,
            "originalPeriod": "2021/12"
          },
          {
            "year": 2021,
            "month": 11,
            "originalPeriod": "2021/11"
          },
          {
            "year": 2021,
            "month": 10,
            "originalPeriod": "2021/10"
          },
          {
            "year": 2021,
            "month": 9,
            "originalPeriod": "2021/09"
          },
          {
            "year": 2021,
            "month": 8,
            "originalPeriod": "2021/08"
          },
          {
            "year": 2021,
            "month": 7,
            "originalPeriod": "2021/07"
          },
          {
            "year": 2021,
            "month": 6,
            "originalPeriod": "2021/06"
          },
          {
            "year": 2021,
            "month": 5,
            "originalPeriod": "2021/05"
          },
          {
            "year": 2021,
            "month": 4,
            "originalPeriod": "2021/04"
          },
          {
            "year": 2021,
            "month": 3,
            "originalPeriod": "2021/03"
          },
          {
            "year": 2021,
            "month": 2,
            "originalPeriod": "2021/02"
          },
          {
            "year": 2021,
            "month": 1,
            "originalPeriod": "2021/01"
          },
          {
            "year": 2020,
            "month": 12,
            "originalPeriod": "2020/12"
          },
          {
            "year": 2020,
            "month": 11,
            "originalPeriod": "2020/11"
          },
          {
            "year": 2020,
            "month": 10,
            "originalPeriod": "2020/10"
          },
          {
            "year": 2020,
            "month": 9,
            "originalPeriod": "2020/09"
          },
          {
            "year": 2020,
            "month": 8,
            "originalPeriod": "2020/08"
          }
        ],
        "revenueValues": [
          323165707,
          263708978,
          320515951,
          349566940,
          285956830,
          260008796,
          293288038,
          278163107,
          276058358,
          314239713,
          251872717,
          250866368,
          256953058,
          207868693,
          229620372,
          236021112,
          195210804,
          181648270,
          215785127,
          176299866,
          206026179,
          243202811,
          180430282,
          188686256,
          177616220,
          156404174,
          176537345,
          147899735,
          145408332,
          163174097,
          200050544,
          192560242,
          222705993,
          210265633,
          208247663,
          218132391,
          186762689,
          175874001,
          185705425,
          172561382,
          171966525,
          146933238,
          172176110,
          155382230,
          148267599,
          134539477,
          152685418,
          137427162,
          124557799,
          148470660,
          112359668,
          111314794,
          129127388,
          106533690,
          126749152,
          117364912,
          124865438,
          119302707,
          127584492,
          122878244
        ],
        "data": [
          {
            "symbolCode": "2330.TW",
            "exchangeArea": "TPE",
            "reportDate": "2025-07-31",
            "fiscalYear": 2025,
            "fiscalMonth": 7,
            "reportType": "monthly",
            "dataSource": "yahoo-finance-tw",
            "lastUpdated": "2025-08-09T08:02:46.503Z",
            "revenue": 323165707
          },
          {
            "symbolCode": "2330.TW",
            "exchangeArea": "TPE",
            "reportDate": "2025-06-30",
            "fiscalYear": 2025,
            "fiscalMonth": 6,
            "reportType": "monthly",
            "dataSource": "yahoo-finance-tw",
            "lastUpdated": "2025-08-09T08:02:46.503Z",
            "revenue": 263708978
          },
          {
            "symbolCode": "2330.TW",
            "exchangeArea": "TPE",
            "reportDate": "2025-05-31",
            "fiscalYear": 2025,
            "fiscalMonth": 5,
            "reportType": "monthly",
            "dataSource": "yahoo-finance-tw",
            "lastUpdated": "2025-08-09T08:02:46.503Z",
            "revenue": 320515951
          },
          {
            "symbolCode": "2330.TW",
            "exchangeArea": "TPE",
            "reportDate": "2025-04-30",
            "fiscalYear": 2025,
            "fiscalMonth": 4,
            "reportType": "monthly",
            "dataSource": "yahoo-finance-tw",
            "lastUpdated": "2025-08-09T08:02:46.503Z",
            "revenue": 349566940
          },
          {
            "symbolCode": "2330.TW",
            "exchangeArea": "TPE",
            "reportDate": "2025-03-31",
            "fiscalYear": 2025,
            "fiscalMonth": 3,
            "reportType": "monthly",
            "dataSource": "yahoo-finance-tw",
            "lastUpdated": "2025-08-09T08:02:46.503Z",
            "revenue": 285956830
          },
          {
            "symbolCode": "2330.TW",
            "exchangeArea": "TPE",
            "reportDate": "2025-02-28",
            "fiscalYear": 2025,
            "fiscalMonth": 2,
            "reportType": "monthly",
            "dataSource": "yahoo-finance-tw",
            "lastUpdated": "2025-08-09T08:02:46.503Z",
            "revenue": 260008796
          },
          {
            "symbolCode": "2330.TW",
            "exchangeArea": "TPE",
            "reportDate": "2025-01-31",
            "fiscalYear": 2025,
            "fiscalMonth": 1,
            "reportType": "monthly",
            "dataSource": "yahoo-finance-tw",
            "lastUpdated": "2025-08-09T08:02:46.503Z",
            "revenue": 293288038
          },
          {
            "symbolCode": "2330.TW",
            "exchangeArea": "TPE",
            "reportDate": "2024-12-31",
            "fiscalYear": 2024,
            "fiscalMonth": 12,
            "reportType": "monthly",
            "dataSource": "yahoo-finance-tw",
            "lastUpdated": "2025-08-09T08:02:46.503Z",
            "revenue": 278163107
          },
          {
            "symbolCode": "2330.TW",
            "exchangeArea": "TPE",
            "reportDate": "2024-11-30",
            "fiscalYear": 2024,
            "fiscalMonth": 11,
            "reportType": "monthly",
            "dataSource": "yahoo-finance-tw",
            "lastUpdated": "2025-08-09T08:02:46.503Z",
            "revenue": 276058358
          },
          {
            "symbolCode": "2330.TW",
            "exchangeArea": "TPE",
            "reportDate": "2024-10-31",
            "fiscalYear": 2024,
            "fiscalMonth": 10,
            "reportType": "monthly",
            "dataSource": "yahoo-finance-tw",
            "lastUpdated": "2025-08-09T08:02:46.503Z",
            "revenue": 314239713
          },
          {
            "symbolCode": "2330.TW",
            "exchangeArea": "TPE",
            "reportDate": "2024-09-30",
            "fiscalYear": 2024,
            "fiscalMonth": 9,
            "reportType": "monthly",
            "dataSource": "yahoo-finance-tw",
            "lastUpdated": "2025-08-09T08:02:46.503Z",
            "revenue": 251872717
          },
          {
            "symbolCode": "2330.TW",
            "exchangeArea": "TPE",
            "reportDate": "2024-08-31",
            "fiscalYear": 2024,
            "fiscalMonth": 8,
            "reportType": "monthly",
            "dataSource": "yahoo-finance-tw",
            "lastUpdated": "2025-08-09T08:02:46.503Z",
            "revenue": 250866368
          },
          {
            "symbolCode": "2330.TW",
            "exchangeArea": "TPE",
            "reportDate": "2024-07-31",
            "fiscalYear": 2024,
            "fiscalMonth": 7,
            "reportType": "monthly",
            "dataSource": "yahoo-finance-tw",
            "lastUpdated": "2025-08-09T08:02:46.503Z",
            "revenue": 256953058
          },
          {
            "symbolCode": "2330.TW",
            "exchangeArea": "TPE",
            "reportDate": "2024-06-30",
            "fiscalYear": 2024,
            "fiscalMonth": 6,
            "reportType": "monthly",
            "dataSource": "yahoo-finance-tw",
            "lastUpdated": "2025-08-09T08:02:46.503Z",
            "revenue": 207868693
          },
          {
            "symbolCode": "2330.TW",
            "exchangeArea": "TPE",
            "reportDate": "2024-05-31",
            "fiscalYear": 2024,
            "fiscalMonth": 5,
            "reportType": "monthly",
            "dataSource": "yahoo-finance-tw",
            "lastUpdated": "2025-08-09T08:02:46.503Z",
            "revenue": 229620372
          },
          {
            "symbolCode": "2330.TW",
            "exchangeArea": "TPE",
            "reportDate": "2024-04-30",
            "fiscalYear": 2024,
            "fiscalMonth": 4,
            "reportType": "monthly",
            "dataSource": "yahoo-finance-tw",
            "lastUpdated": "2025-08-09T08:02:46.503Z",
            "revenue": 236021112
          },
          {
            "symbolCode": "2330.TW",
            "exchangeArea": "TPE",
            "reportDate": "2024-03-31",
            "fiscalYear": 2024,
            "fiscalMonth": 3,
            "reportType": "monthly",
            "dataSource": "yahoo-finance-tw",
            "lastUpdated": "2025-08-09T08:02:46.503Z",
            "revenue": 195210804
          },
          {
            "symbolCode": "2330.TW",
            "exchangeArea": "TPE",
            "reportDate": "2024-02-29",
            "fiscalYear": 2024,
            "fiscalMonth": 2,
            "reportType": "monthly",
            "dataSource": "yahoo-finance-tw",
            "lastUpdated": "2025-08-09T08:02:46.503Z",
            "revenue": 181648270
          },
          {
            "symbolCode": "2330.TW",
            "exchangeArea": "TPE",
            "reportDate": "2024-01-31",
            "fiscalYear": 2024,
            "fiscalMonth": 1,
            "reportType": "monthly",
            "dataSource": "yahoo-finance-tw",
            "lastUpdated": "2025-08-09T08:02:46.503Z",
            "revenue": 215785127
          },
          {
            "symbolCode": "2330.TW",
            "exchangeArea": "TPE",
            "reportDate": "2023-12-31",
            "fiscalYear": 2023,
            "fiscalMonth": 12,
            "reportType": "monthly",
            "dataSource": "yahoo-finance-tw",
            "lastUpdated": "2025-08-09T08:02:46.503Z",
            "revenue": 176299866
          },
          {
            "symbolCode": "2330.TW",
            "exchangeArea": "TPE",
            "reportDate": "2023-11-30",
            "fiscalYear": 2023,
            "fiscalMonth": 11,
            "reportType": "monthly",
            "dataSource": "yahoo-finance-tw",
            "lastUpdated": "2025-08-09T08:02:46.503Z",
            "revenue": 206026179
          },
          {
            "symbolCode": "2330.TW",
            "exchangeArea": "TPE",
            "reportDate": "2023-10-31",
            "fiscalYear": 2023,
            "fiscalMonth": 10,
            "reportType": "monthly",
            "dataSource": "yahoo-finance-tw",
            "lastUpdated": "2025-08-09T08:02:46.503Z",
            "revenue": 243202811
          },
          {
            "symbolCode": "2330.TW",
            "exchangeArea": "TPE",
            "reportDate": "2023-09-30",
            "fiscalYear": 2023,
            "fiscalMonth": 9,
            "reportType": "monthly",
            "dataSource": "yahoo-finance-tw",
            "lastUpdated": "2025-08-09T08:02:46.503Z",
            "revenue": 180430282
          },
          {
            "symbolCode": "2330.TW",
            "exchangeArea": "TPE",
            "reportDate": "2023-08-31",
            "fiscalYear": 2023,
            "fiscalMonth": 8,
            "reportType": "monthly",
            "dataSource": "yahoo-finance-tw",
            "lastUpdated": "2025-08-09T08:02:46.503Z",
            "revenue": 188686256
          },
          {
            "symbolCode": "2330.TW",
            "exchangeArea": "TPE",
            "reportDate": "2023-07-31",
            "fiscalYear": 2023,
            "fiscalMonth": 7,
            "reportType": "monthly",
            "dataSource": "yahoo-finance-tw",
            "lastUpdated": "2025-08-09T08:02:46.503Z",
            "revenue": 177616220
          },
          {
            "symbolCode": "2330.TW",
            "exchangeArea": "TPE",
            "reportDate": "2023-06-30",
            "fiscalYear": 2023,
            "fiscalMonth": 6,
            "reportType": "monthly",
            "dataSource": "yahoo-finance-tw",
            "lastUpdated": "2025-08-09T08:02:46.503Z",
            "revenue": 156404174
          },
          {
            "symbolCode": "2330.TW",
            "exchangeArea": "TPE",
            "reportDate": "2023-05-31",
            "fiscalYear": 2023,
            "fiscalMonth": 5,
            "reportType": "monthly",
            "dataSource": "yahoo-finance-tw",
            "lastUpdated": "2025-08-09T08:02:46.503Z",
            "revenue": 176537345
          },
          {
            "symbolCode": "2330.TW",
            "exchangeArea": "TPE",
            "reportDate": "2023-04-30",
            "fiscalYear": 2023,
            "fiscalMonth": 4,
            "reportType": "monthly",
            "dataSource": "yahoo-finance-tw",
            "lastUpdated": "2025-08-09T08:02:46.503Z",
            "revenue": 147899735
          },
          {
            "symbolCode": "2330.TW",
            "exchangeArea": "TPE",
            "reportDate": "2023-03-31",
            "fiscalYear": 2023,
            "fiscalMonth": 3,
            "reportType": "monthly",
            "dataSource": "yahoo-finance-tw",
            "lastUpdated": "2025-08-09T08:02:46.503Z",
            "revenue": 145408332
          },
          {
            "symbolCode": "2330.TW",
            "exchangeArea": "TPE",
            "reportDate": "2023-02-28",
            "fiscalYear": 2023,
            "fiscalMonth": 2,
            "reportType": "monthly",
            "dataSource": "yahoo-finance-tw",
            "lastUpdated": "2025-08-09T08:02:46.503Z",
            "revenue": 163174097
          },
          {
            "symbolCode": "2330.TW",
            "exchangeArea": "TPE",
            "reportDate": "2023-01-31",
            "fiscalYear": 2023,
            "fiscalMonth": 1,
            "reportType": "monthly",
            "dataSource": "yahoo-finance-tw",
            "lastUpdated": "2025-08-09T08:02:46.503Z",
            "revenue": 200050544
          },
          {
            "symbolCode": "2330.TW",
            "exchangeArea": "TPE",
            "reportDate": "2022-12-31",
            "fiscalYear": 2022,
            "fiscalMonth": 12,
            "reportType": "monthly",
            "dataSource": "yahoo-finance-tw",
            "lastUpdated": "2025-08-09T08:02:46.503Z",
            "revenue": 192560242
          },
          {
            "symbolCode": "2330.TW",
            "exchangeArea": "TPE",
            "reportDate": "2022-11-30",
            "fiscalYear": 2022,
            "fiscalMonth": 11,
            "reportType": "monthly",
            "dataSource": "yahoo-finance-tw",
            "lastUpdated": "2025-08-09T08:02:46.503Z",
            "revenue": 222705993
          },
          {
            "symbolCode": "2330.TW",
            "exchangeArea": "TPE",
            "reportDate": "2022-10-31",
            "fiscalYear": 2022,
            "fiscalMonth": 10,
            "reportType": "monthly",
            "dataSource": "yahoo-finance-tw",
            "lastUpdated": "2025-08-09T08:02:46.503Z",
            "revenue": 210265633
          },
          {
            "symbolCode": "2330.TW",
            "exchangeArea": "TPE",
            "reportDate": "2022-09-30",
            "fiscalYear": 2022,
            "fiscalMonth": 9,
            "reportType": "monthly",
            "dataSource": "yahoo-finance-tw",
            "lastUpdated": "2025-08-09T08:02:46.503Z",
            "revenue": 208247663
          },
          {
            "symbolCode": "2330.TW",
            "exchangeArea": "TPE",
            "reportDate": "2022-08-31",
            "fiscalYear": 2022,
            "fiscalMonth": 8,
            "reportType": "monthly",
            "dataSource": "yahoo-finance-tw",
            "lastUpdated": "2025-08-09T08:02:46.503Z",
            "revenue": 218132391
          },
          {
            "symbolCode": "2330.TW",
            "exchangeArea": "TPE",
            "reportDate": "2022-07-31",
            "fiscalYear": 2022,
            "fiscalMonth": 7,
            "reportType": "monthly",
            "dataSource": "yahoo-finance-tw",
            "lastUpdated": "2025-08-09T08:02:46.503Z",
            "revenue": 186762689
          },
          {
            "symbolCode": "2330.TW",
            "exchangeArea": "TPE",
            "reportDate": "2022-06-30",
            "fiscalYear": 2022,
            "fiscalMonth": 6,
            "reportType": "monthly",
            "dataSource": "yahoo-finance-tw",
            "lastUpdated": "2025-08-09T08:02:46.503Z",
            "revenue": 175874001
          },
          {
            "symbolCode": "2330.TW",
            "exchangeArea": "TPE",
            "reportDate": "2022-05-31",
            "fiscalYear": 2022,
            "fiscalMonth": 5,
            "reportType": "monthly",
            "dataSource": "yahoo-finance-tw",
            "lastUpdated": "2025-08-09T08:02:46.503Z",
            "revenue": 185705425
          },
          {
            "symbolCode": "2330.TW",
            "exchangeArea": "TPE",
            "reportDate": "2022-04-30",
            "fiscalYear": 2022,
            "fiscalMonth": 4,
            "reportType": "monthly",
            "dataSource": "yahoo-finance-tw",
            "lastUpdated": "2025-08-09T08:02:46.503Z",
            "revenue": 172561382
          },
          {
            "symbolCode": "2330.TW",
            "exchangeArea": "TPE",
            "reportDate": "2022-03-31",
            "fiscalYear": 2022,
            "fiscalMonth": 3,
            "reportType": "monthly",
            "dataSource": "yahoo-finance-tw",
            "lastUpdated": "2025-08-09T08:02:46.503Z",
            "revenue": 171966525
          },
          {
            "symbolCode": "2330.TW",
            "exchangeArea": "TPE",
            "reportDate": "2022-02-28",
            "fiscalYear": 2022,
            "fiscalMonth": 2,
            "reportType": "monthly",
            "dataSource": "yahoo-finance-tw",
            "lastUpdated": "2025-08-09T08:02:46.503Z",
            "revenue": 146933238
          },
          {
            "symbolCode": "2330.TW",
            "exchangeArea": "TPE",
            "reportDate": "2022-01-31",
            "fiscalYear": 2022,
            "fiscalMonth": 1,
            "reportType": "monthly",
            "dataSource": "yahoo-finance-tw",
            "lastUpdated": "2025-08-09T08:02:46.503Z",
            "revenue": 172176110
          },
          {
            "symbolCode": "2330.TW",
            "exchangeArea": "TPE",
            "reportDate": "2021-12-31",
            "fiscalYear": 2021,
            "fiscalMonth": 12,
            "reportType": "monthly",
            "dataSource": "yahoo-finance-tw",
            "lastUpdated": "2025-08-09T08:02:46.503Z",
            "revenue": 155382230
          },
          {
            "symbolCode": "2330.TW",
            "exchangeArea": "TPE",
            "reportDate": "2021-11-30",
            "fiscalYear": 2021,
            "fiscalMonth": 11,
            "reportType": "monthly",
            "dataSource": "yahoo-finance-tw",
            "lastUpdated": "2025-08-09T08:02:46.503Z",
            "revenue": 148267599
          },
          {
            "symbolCode": "2330.TW",
            "exchangeArea": "TPE",
            "reportDate": "2021-10-31",
            "fiscalYear": 2021,
            "fiscalMonth": 10,
            "reportType": "monthly",
            "dataSource": "yahoo-finance-tw",
            "lastUpdated": "2025-08-09T08:02:46.503Z",
            "revenue": 134539477
          },
          {
            "symbolCode": "2330.TW",
            "exchangeArea": "TPE",
            "reportDate": "2021-09-30",
            "fiscalYear": 2021,
            "fiscalMonth": 9,
            "reportType": "monthly",
            "dataSource": "yahoo-finance-tw",
            "lastUpdated": "2025-08-09T08:02:46.503Z",
            "revenue": 152685418
          },
          {
            "symbolCode": "2330.TW",
            "exchangeArea": "TPE",
            "reportDate": "2021-08-31",
            "fiscalYear": 2021,
            "fiscalMonth": 8,
            "reportType": "monthly",
            "dataSource": "yahoo-finance-tw",
            "lastUpdated": "2025-08-09T08:02:46.503Z",
            "revenue": 137427162
          },
          {
            "symbolCode": "2330.TW",
            "exchangeArea": "TPE",
            "reportDate": "2021-07-31",
            "fiscalYear": 2021,
            "fiscalMonth": 7,
            "reportType": "monthly",
            "dataSource": "yahoo-finance-tw",
            "lastUpdated": "2025-08-09T08:02:46.503Z",
            "revenue": 124557799
          },
          {
            "symbolCode": "2330.TW",
            "exchangeArea": "TPE",
            "reportDate": "2021-06-30",
            "fiscalYear": 2021,
            "fiscalMonth": 6,
            "reportType": "monthly",
            "dataSource": "yahoo-finance-tw",
            "lastUpdated": "2025-08-09T08:02:46.503Z",
            "revenue": 148470660
          },
          {
            "symbolCode": "2330.TW",
            "exchangeArea": "TPE",
            "reportDate": "2021-05-31",
            "fiscalYear": 2021,
            "fiscalMonth": 5,
            "reportType": "monthly",
            "dataSource": "yahoo-finance-tw",
            "lastUpdated": "2025-08-09T08:02:46.503Z",
            "revenue": 112359668
          },
          {
            "symbolCode": "2330.TW",
            "exchangeArea": "TPE",
            "reportDate": "2021-04-30",
            "fiscalYear": 2021,
            "fiscalMonth": 4,
            "reportType": "monthly",
            "dataSource": "yahoo-finance-tw",
            "lastUpdated": "2025-08-09T08:02:46.503Z",
            "revenue": 111314794
          },
          {
            "symbolCode": "2330.TW",
            "exchangeArea": "TPE",
            "reportDate": "2021-03-31",
            "fiscalYear": 2021,
            "fiscalMonth": 3,
            "reportType": "monthly",
            "dataSource": "yahoo-finance-tw",
            "lastUpdated": "2025-08-09T08:02:46.503Z",
            "revenue": 129127388
          },
          {
            "symbolCode": "2330.TW",
            "exchangeArea": "TPE",
            "reportDate": "2021-02-28",
            "fiscalYear": 2021,
            "fiscalMonth": 2,
            "reportType": "monthly",
            "dataSource": "yahoo-finance-tw",
            "lastUpdated": "2025-08-09T08:02:46.503Z",
            "revenue": 106533690
          },
          {
            "symbolCode": "2330.TW",
            "exchangeArea": "TPE",
            "reportDate": "2021-01-31",
            "fiscalYear": 2021,
            "fiscalMonth": 1,
            "reportType": "monthly",
            "dataSource": "yahoo-finance-tw",
            "lastUpdated": "2025-08-09T08:02:46.503Z",
            "revenue": 126749152
          },
          {
            "symbolCode": "2330.TW",
            "exchangeArea": "TPE",
            "reportDate": "2020-12-31",
            "fiscalYear": 2020,
            "fiscalMonth": 12,
            "reportType": "monthly",
            "dataSource": "yahoo-finance-tw",
            "lastUpdated": "2025-08-09T08:02:46.503Z",
            "revenue": 117364912
          },
          {
            "symbolCode": "2330.TW",
            "exchangeArea": "TPE",
            "reportDate": "2020-11-30",
            "fiscalYear": 2020,
            "fiscalMonth": 11,
            "reportType": "monthly",
            "dataSource": "yahoo-finance-tw",
            "lastUpdated": "2025-08-09T08:02:46.503Z",
            "revenue": 124865438
          },
          {
            "symbolCode": "2330.TW",
            "exchangeArea": "TPE",
            "reportDate": "2020-10-31",
            "fiscalYear": 2020,
            "fiscalMonth": 10,
            "reportType": "monthly",
            "dataSource": "yahoo-finance-tw",
            "lastUpdated": "2025-08-09T08:02:46.503Z",
            "revenue": 119302707
          },
          {
            "symbolCode": "2330.TW",
            "exchangeArea": "TPE",
            "reportDate": "2020-09-30",
            "fiscalYear": 2020,
            "fiscalMonth": 9,
            "reportType": "monthly",
            "dataSource": "yahoo-finance-tw",
            "lastUpdated": "2025-08-09T08:02:46.503Z",
            "revenue": 127584492
          },
          {
            "symbolCode": "2330.TW",
            "exchangeArea": "TPE",
            "reportDate": "2020-08-31",
            "fiscalYear": 2020,
            "fiscalMonth": 8,
            "reportType": "monthly",
            "dataSource": "yahoo-finance-tw",
            "lastUpdated": "2025-08-09T08:02:46.503Z",
            "revenue": 122878244
          }
        ]
      },
      "timestamp": "2025-08-09T08:02:46.713Z",
      "success": true,
      "screenshot": "<Buffer 771129 bytes>"
    }
  ]
}
