{
  "exportDate": "2025-08-09T08:20:34.498Z",
  "totalResults": 1,
  "successCount": 1,
  "results": [
    {
      "url": "https://tw.stock.yahoo.com/quote/2330.TW/income-statement",
      "data": {
        "stockInfo": "Yahoo奇摩財經",
        "fiscalPeriodsArray": [
          {
            "year": 2025,
            "quarter": 1,
            "month": 3,
            "originalPeriod": "2025 Q1"
          },
          {
            "year": 2024,
            "quarter": 4,
            "month": 12,
            "originalPeriod": "2024 Q4"
          },
          {
            "year": 2024,
            "quarter": 3,
            "month": 9,
            "originalPeriod": "2024 Q3"
          },
          {
            "year": 2024,
            "quarter": 2,
            "month": 6,
            "originalPeriod": "2024 Q2"
          },
          {
            "year": 2024,
            "quarter": 1,
            "month": 3,
            "originalPeriod": "2024 Q1"
          },
          {
            "year": 2023,
            "quarter": 4,
            "month": 12,
            "originalPeriod": "2023 Q4"
          },
          {
            "year": 2023,
            "quarter": 3,
            "month": 9,
            "originalPeriod": "2023 Q3"
          },
          {
            "year": 2023,
            "quarter": 2,
            "month": 6,
            "originalPeriod": "2023 Q2"
          },
          {
            "year": 2023,
            "quarter": 1,
            "month": 3,
            "originalPeriod": "2023 Q1"
          },
          {
            "year": 2022,
            "quarter": 4,
            "month": 12,
            "originalPeriod": "2022 Q4"
          },
          {
            "year": 2022,
            "quarter": 3,
            "month": 9,
            "originalPeriod": "2022 Q3"
          },
          {
            "year": 2022,
            "quarter": 2,
            "month": 6,
            "originalPeriod": "2022 Q2"
          },
          {
            "year": 2022,
            "quarter": 1,
            "month": 3,
            "originalPeriod": "2022 Q1"
          },
          {
            "year": 2021,
            "quarter": 4,
            "month": 12,
            "originalPeriod": "2021 Q4"
          },
          {
            "year": 2021,
            "quarter": 3,
            "month": 9,
            "originalPeriod": "2021 Q3"
          },
          {
            "year": 2021,
            "quarter": 2,
            "month": 6,
            "originalPeriod": "2021 Q2"
          },
          {
            "year": 2021,
            "quarter": 1,
            "month": 3,
            "originalPeriod": "2021 Q1"
          },
          {
            "year": 2020,
            "quarter": 4,
            "month": 12,
            "originalPeriod": "2020 Q4"
          },
          {
            "year": 2020,
            "quarter": 3,
            "month": 9,
            "originalPeriod": "2020 Q3"
          },
          {
            "year": 2020,
            "quarter": 2,
            "month": 6,
            "originalPeriod": "2020 Q2"
          }
        ],
        "revenueValues": [
          839253664,
          868461178,
          759692143,
          673510177,
          592644201,
          625528856,
          546732758,
          480841254,
          508632973,
          625531868,
          613142743,
          534140808,
          491075873,
          438189306,
          414670379,
          372145122,
          362410230,
          361533057,
          356426204,
          310698367
        ],
        "grossProfitValues": [
          493395076,
          512378151,
          439345666,
          358124478,
          314505269,
          331767925,
          296642464,
          260199847,
          286500392,
          389184929,
          370498717,
          315467994,
          273203166,
          230679228,
          212848684,
          186234135,
          189775219,
          195188826,
          190480670,
          164692825
        ],
        "operatingExpenseValues": [
          85186056,
          86338820,
          79078904,
          70295310,
          65357281,
          71621021,
          68708791,
          58194560,
          55309344,
          64535382,
          60186462,
          53374518,
          48611190,
          47877762,
          41649916,
          40583423,
          39111833,
          38321439,
          40891355,
          33520709
        ],
        "operatingIncomeValues": [
          407080808,
          425712913,
          360766289,
          286555542,
          249018306,
          260204503,
          228064903,
          201958043,
          231238157,
          325040770,
          310324214,
          262123749,
          223790118,
          182771954,
          171003548,
          145667205,
          150538190,
          157120174,
          150047349,
          131094538
        ],
        "netIncomeValues": [
          360732661,
          374468888,
          325080170,
          247661438,
          225221263,
          238306201,
          210795274,
          181717006,
          206949036,
          295878482,
          280968407,
          237180252,
          202873374,
          166373515,
          156479154,
          134481716,
          139738749,
          142824524,
          137378151,
          120892514
        ],
        "data": [
          {
            "symbolCode": "2330.TW",
            "exchangeArea": "TPE",
            "reportDate": "2025-03-31",
            "fiscalYear": 2025,
            "fiscalMonth": 3,
            "reportType": "quarterly",
            "dataSource": "yahoo-finance-tw",
            "lastUpdated": "2025-08-09T08:20:34.359Z",
            "revenue": 839253664,
            "grossProfit": 493395076,
            "operatingExpenses": 85186056,
            "operatingIncome": 407080808,
            "netIncome": 360732661
          },
          {
            "symbolCode": "2330.TW",
            "exchangeArea": "TPE",
            "reportDate": "2024-12-31",
            "fiscalYear": 2024,
            "fiscalMonth": 12,
            "reportType": "quarterly",
            "dataSource": "yahoo-finance-tw",
            "lastUpdated": "2025-08-09T08:20:34.367Z",
            "revenue": 868461178,
            "grossProfit": 512378151,
            "operatingExpenses": 86338820,
            "operatingIncome": 425712913,
            "netIncome": 374468888
          },
          {
            "symbolCode": "2330.TW",
            "exchangeArea": "TPE",
            "reportDate": "2024-09-30",
            "fiscalYear": 2024,
            "fiscalMonth": 9,
            "reportType": "quarterly",
            "dataSource": "yahoo-finance-tw",
            "lastUpdated": "2025-08-09T08:20:34.367Z",
            "revenue": 759692143,
            "grossProfit": 439345666,
            "operatingExpenses": 79078904,
            "operatingIncome": 360766289,
            "netIncome": 325080170
          },
          {
            "symbolCode": "2330.TW",
            "exchangeArea": "TPE",
            "reportDate": "2024-06-30",
            "fiscalYear": 2024,
            "fiscalMonth": 6,
            "reportType": "quarterly",
            "dataSource": "yahoo-finance-tw",
            "lastUpdated": "2025-08-09T08:20:34.367Z",
            "revenue": 673510177,
            "grossProfit": 358124478,
            "operatingExpenses": 70295310,
            "operatingIncome": 286555542,
            "netIncome": 247661438
          },
          {
            "symbolCode": "2330.TW",
            "exchangeArea": "TPE",
            "reportDate": "2024-03-31",
            "fiscalYear": 2024,
            "fiscalMonth": 3,
            "reportType": "quarterly",
            "dataSource": "yahoo-finance-tw",
            "lastUpdated": "2025-08-09T08:20:34.367Z",
            "revenue": 592644201,
            "grossProfit": 314505269,
            "operatingExpenses": 65357281,
            "operatingIncome": 249018306,
            "netIncome": 225221263
          },
          {
            "symbolCode": "2330.TW",
            "exchangeArea": "TPE",
            "reportDate": "2023-12-31",
            "fiscalYear": 2023,
            "fiscalMonth": 12,
            "reportType": "quarterly",
            "dataSource": "yahoo-finance-tw",
            "lastUpdated": "2025-08-09T08:20:34.368Z",
            "revenue": 625528856,
            "grossProfit": 331767925,
            "operatingExpenses": 71621021,
            "operatingIncome": 260204503,
            "netIncome": 238306201
          },
          {
            "symbolCode": "2330.TW",
            "exchangeArea": "TPE",
            "reportDate": "2023-09-30",
            "fiscalYear": 2023,
            "fiscalMonth": 9,
            "reportType": "quarterly",
            "dataSource": "yahoo-finance-tw",
            "lastUpdated": "2025-08-09T08:20:34.368Z",
            "revenue": 546732758,
            "grossProfit": 296642464,
            "operatingExpenses": 68708791,
            "operatingIncome": 228064903,
            "netIncome": 210795274
          },
          {
            "symbolCode": "2330.TW",
            "exchangeArea": "TPE",
            "reportDate": "2023-06-30",
            "fiscalYear": 2023,
            "fiscalMonth": 6,
            "reportType": "quarterly",
            "dataSource": "yahoo-finance-tw",
            "lastUpdated": "2025-08-09T08:20:34.368Z",
            "revenue": 480841254,
            "grossProfit": 260199847,
            "operatingExpenses": 58194560,
            "operatingIncome": 201958043,
            "netIncome": 181717006
          },
          {
            "symbolCode": "2330.TW",
            "exchangeArea": "TPE",
            "reportDate": "2023-03-31",
            "fiscalYear": 2023,
            "fiscalMonth": 3,
            "reportType": "quarterly",
            "dataSource": "yahoo-finance-tw",
            "lastUpdated": "2025-08-09T08:20:34.368Z",
            "revenue": 508632973,
            "grossProfit": 286500392,
            "operatingExpenses": 55309344,
            "operatingIncome": 231238157,
            "netIncome": 206949036
          },
          {
            "symbolCode": "2330.TW",
            "exchangeArea": "TPE",
            "reportDate": "2022-12-31",
            "fiscalYear": 2022,
            "fiscalMonth": 12,
            "reportType": "quarterly",
            "dataSource": "yahoo-finance-tw",
            "lastUpdated": "2025-08-09T08:20:34.368Z",
            "revenue": 625531868,
            "grossProfit": 389184929,
            "operatingExpenses": 64535382,
            "operatingIncome": 325040770,
            "netIncome": 295878482
          },
          {
            "symbolCode": "2330.TW",
            "exchangeArea": "TPE",
            "reportDate": "2022-09-30",
            "fiscalYear": 2022,
            "fiscalMonth": 9,
            "reportType": "quarterly",
            "dataSource": "yahoo-finance-tw",
            "lastUpdated": "2025-08-09T08:20:34.368Z",
            "revenue": 613142743,
            "grossProfit": 370498717,
            "operatingExpenses": 60186462,
            "operatingIncome": 310324214,
            "netIncome": 280968407
          },
          {
            "symbolCode": "2330.TW",
            "exchangeArea": "TPE",
            "reportDate": "2022-06-30",
            "fiscalYear": 2022,
            "fiscalMonth": 6,
            "reportType": "quarterly",
            "dataSource": "yahoo-finance-tw",
            "lastUpdated": "2025-08-09T08:20:34.368Z",
            "revenue": 534140808,
            "grossProfit": 315467994,
            "operatingExpenses": 53374518,
            "operatingIncome": 262123749,
            "netIncome": 237180252
          },
          {
            "symbolCode": "2330.TW",
            "exchangeArea": "TPE",
            "reportDate": "2022-03-31",
            "fiscalYear": 2022,
            "fiscalMonth": 3,
            "reportType": "quarterly",
            "dataSource": "yahoo-finance-tw",
            "lastUpdated": "2025-08-09T08:20:34.368Z",
            "revenue": 491075873,
            "grossProfit": 273203166,
            "operatingExpenses": 48611190,
            "operatingIncome": 223790118,
            "netIncome": 202873374
          },
          {
            "symbolCode": "2330.TW",
            "exchangeArea": "TPE",
            "reportDate": "2021-12-31",
            "fiscalYear": 2021,
            "fiscalMonth": 12,
            "reportType": "quarterly",
            "dataSource": "yahoo-finance-tw",
            "lastUpdated": "2025-08-09T08:20:34.368Z",
            "revenue": 438189306,
            "grossProfit": 230679228,
            "operatingExpenses": 47877762,
            "operatingIncome": 182771954,
            "netIncome": 166373515
          },
          {
            "symbolCode": "2330.TW",
            "exchangeArea": "TPE",
            "reportDate": "2021-09-30",
            "fiscalYear": 2021,
            "fiscalMonth": 9,
            "reportType": "quarterly",
            "dataSource": "yahoo-finance-tw",
            "lastUpdated": "2025-08-09T08:20:34.368Z",
            "revenue": 414670379,
            "grossProfit": 212848684,
            "operatingExpenses": 41649916,
            "operatingIncome": 171003548,
            "netIncome": 156479154
          },
          {
            "symbolCode": "2330.TW",
            "exchangeArea": "TPE",
            "reportDate": "2021-06-30",
            "fiscalYear": 2021,
            "fiscalMonth": 6,
            "reportType": "quarterly",
            "dataSource": "yahoo-finance-tw",
            "lastUpdated": "2025-08-09T08:20:34.368Z",
            "revenue": 372145122,
            "grossProfit": 186234135,
            "operatingExpenses": 40583423,
            "operatingIncome": 145667205,
            "netIncome": 134481716
          },
          {
            "symbolCode": "2330.TW",
            "exchangeArea": "TPE",
            "reportDate": "2021-03-31",
            "fiscalYear": 2021,
            "fiscalMonth": 3,
            "reportType": "quarterly",
            "dataSource": "yahoo-finance-tw",
            "lastUpdated": "2025-08-09T08:20:34.368Z",
            "revenue": 362410230,
            "grossProfit": 189775219,
            "operatingExpenses": 39111833,
            "operatingIncome": 150538190,
            "netIncome": 139738749
          },
          {
            "symbolCode": "2330.TW",
            "exchangeArea": "TPE",
            "reportDate": "2020-12-31",
            "fiscalYear": 2020,
            "fiscalMonth": 12,
            "reportType": "quarterly",
            "dataSource": "yahoo-finance-tw",
            "lastUpdated": "2025-08-09T08:20:34.368Z",
            "revenue": 361533057,
            "grossProfit": 195188826,
            "operatingExpenses": 38321439,
            "operatingIncome": 157120174,
            "netIncome": 142824524
          },
          {
            "symbolCode": "2330.TW",
            "exchangeArea": "TPE",
            "reportDate": "2020-09-30",
            "fiscalYear": 2020,
            "fiscalMonth": 9,
            "reportType": "quarterly",
            "dataSource": "yahoo-finance-tw",
            "lastUpdated": "2025-08-09T08:20:34.368Z",
            "revenue": 356426204,
            "grossProfit": 190480670,
            "operatingExpenses": 40891355,
            "operatingIncome": 150047349,
            "netIncome": 137378151
          },
          {
            "symbolCode": "2330.TW",
            "exchangeArea": "TPE",
            "reportDate": "2020-06-30",
            "fiscalYear": 2020,
            "fiscalMonth": 6,
            "reportType": "quarterly",
            "dataSource": "yahoo-finance-tw",
            "lastUpdated": "2025-08-09T08:20:34.368Z",
            "revenue": 310698367,
            "grossProfit": 164692825,
            "operatingExpenses": 33520709,
            "operatingIncome": 131094538,
            "netIncome": 120892514
          }
        ]
      },
      "timestamp": "2025-08-09T08:20:34.494Z",
      "success": true,
      "screenshot": "<Buffer 329306 bytes>"
    }
  ]
}
