{
  "exportDate": "2025-08-09T08:21:01.197Z",
  "totalResults": 1,
  "successCount": 1,
  "results": [
    {
      "url": "https://tw.stock.yahoo.com/quote/2454.TW/income-statement",
      "data": {
        "stockInfo": "Yahoo奇摩財經",
        "fiscalPeriodsArray": [
          {
            "year": 2025,
            "quarter": 1,
            "month": 3,
            "originalPeriod": "2025 Q1"
          },
          {
            "year": 2024,
            "quarter": 4,
            "month": 12,
            "originalPeriod": "2024 Q4"
          },
          {
            "year": 2024,
            "quarter": 3,
            "month": 9,
            "originalPeriod": "2024 Q3"
          },
          {
            "year": 2024,
            "quarter": 2,
            "month": 6,
            "originalPeriod": "2024 Q2"
          },
          {
            "year": 2024,
            "quarter": 1,
            "month": 3,
            "originalPeriod": "2024 Q1"
          },
          {
            "year": 2023,
            "quarter": 4,
            "month": 12,
            "originalPeriod": "2023 Q4"
          },
          {
            "year": 2023,
            "quarter": 3,
            "month": 9,
            "originalPeriod": "2023 Q3"
          },
          {
            "year": 2023,
            "quarter": 2,
            "month": 6,
            "originalPeriod": "2023 Q2"
          },
          {
            "year": 2023,
            "quarter": 1,
            "month": 3,
            "originalPeriod": "2023 Q1"
          },
          {
            "year": 2022,
            "quarter": 4,
            "month": 12,
            "originalPeriod": "2022 Q4"
          },
          {
            "year": 2022,
            "quarter": 3,
            "month": 9,
            "originalPeriod": "2022 Q3"
          },
          {
            "year": 2022,
            "quarter": 2,
            "month": 6,
            "originalPeriod": "2022 Q2"
          },
          {
            "year": 2022,
            "quarter": 1,
            "month": 3,
            "originalPeriod": "2022 Q1"
          },
          {
            "year": 2021,
            "quarter": 4,
            "month": 12,
            "originalPeriod": "2021 Q4"
          },
          {
            "year": 2021,
            "quarter": 3,
            "month": 9,
            "originalPeriod": "2021 Q3"
          },
          {
            "year": 2021,
            "quarter": 2,
            "month": 6,
            "originalPeriod": "2021 Q2"
          },
          {
            "year": 2021,
            "quarter": 1,
            "month": 3,
            "originalPeriod": "2021 Q1"
          },
          {
            "year": 2020,
            "quarter": 4,
            "month": 12,
            "originalPeriod": "2020 Q4"
          },
          {
            "year": 2020,
            "quarter": 3,
            "month": 9,
            "originalPeriod": "2020 Q3"
          },
          {
            "year": 2020,
            "quarter": 2,
            "month": 6,
            "originalPeriod": "2020 Q2"
          }
        ],
        "revenueValues": [
          153312237,
          138043124,
          131813494,
          127271121,
          133458147,
          129562005,
          110097528,
          98135284,
          95651513,
          108194084,
          142161276,
          155729821,
          142710849,
          128653877,
          131074320,
          125653403,
          108032982,
          96405226,
          97274734,
          67603053
        ],
        "grossProfitValues": [
          73809492,
          67001128,
          64347621,
          62136422,
          69900530,
          62616388,
          52192346,
          46646062,
          45912242,
          52261366,
          70095409,
          76764285,
          71783375,
          63829667,
          61216107,
          58038437,
          48520384,
          42863458,
          43028418,
          29406537
        ],
        "operatingExpenseValues": [
          43756201,
          45589207,
          40483455,
          37180406,
          37720666,
          37880664,
          34247876,
          31895512,
          31543480,
          34175111,
          37041379,
          37583322,
          35316171,
          34108536,
          31929216,
          29204123,
          28322486,
          27490605,
          28399972,
          21990886
        ],
        "operatingIncomeValues": [
          30053291,
          21411921,
          23864166,
          24956016,
          32179864,
          24735724,
          17944470,
          14750550,
          14368762,
          18086255,
          33054030,
          39180963,
          36467204,
          29721131,
          29286891,
          28834314,
          20197898,
          15372853,
          14628446,
          7415651
        ],
        "netIncomeValues": [
          29528929,
          23940887,
          25589743,
          25955186,
          31654807,
          25713115,
          18568514,
          16018824,
          16890491,
          18514402,
          31085361,
          35612001,
          33413257,
          30147500,
          28361151,
          27586638,
          25777244,
          14957125,
          13366548,
          7310425
        ],
        "data": [
          {
            "symbolCode": "2454.TW",
            "exchangeArea": "TPE",
            "reportDate": "2025-03-31",
            "fiscalYear": 2025,
            "fiscalMonth": 3,
            "reportType": "quarterly",
            "dataSource": "yahoo-finance-tw",
            "lastUpdated": "2025-08-09T08:21:01.047Z",
            "revenue": 153312237,
            "grossProfit": 73809492,
            "operatingExpenses": 43756201,
            "operatingIncome": 30053291,
            "netIncome": 29528929
          },
          {
            "symbolCode": "2454.TW",
            "exchangeArea": "TPE",
            "reportDate": "2024-12-31",
            "fiscalYear": 2024,
            "fiscalMonth": 12,
            "reportType": "quarterly",
            "dataSource": "yahoo-finance-tw",
            "lastUpdated": "2025-08-09T08:21:01.056Z",
            "revenue": 138043124,
            "grossProfit": 67001128,
            "operatingExpenses": 45589207,
            "operatingIncome": 21411921,
            "netIncome": 23940887
          },
          {
            "symbolCode": "2454.TW",
            "exchangeArea": "TPE",
            "reportDate": "2024-09-30",
            "fiscalYear": 2024,
            "fiscalMonth": 9,
            "reportType": "quarterly",
            "dataSource": "yahoo-finance-tw",
            "lastUpdated": "2025-08-09T08:21:01.056Z",
            "revenue": 131813494,
            "grossProfit": 64347621,
            "operatingExpenses": 40483455,
            "operatingIncome": 23864166,
            "netIncome": 25589743
          },
          {
            "symbolCode": "2454.TW",
            "exchangeArea": "TPE",
            "reportDate": "2024-06-30",
            "fiscalYear": 2024,
            "fiscalMonth": 6,
            "reportType": "quarterly",
            "dataSource": "yahoo-finance-tw",
            "lastUpdated": "2025-08-09T08:21:01.056Z",
            "revenue": 127271121,
            "grossProfit": 62136422,
            "operatingExpenses": 37180406,
            "operatingIncome": 24956016,
            "netIncome": 25955186
          },
          {
            "symbolCode": "2454.TW",
            "exchangeArea": "TPE",
            "reportDate": "2024-03-31",
            "fiscalYear": 2024,
            "fiscalMonth": 3,
            "reportType": "quarterly",
            "dataSource": "yahoo-finance-tw",
            "lastUpdated": "2025-08-09T08:21:01.056Z",
            "revenue": 133458147,
            "grossProfit": 69900530,
            "operatingExpenses": 37720666,
            "operatingIncome": 32179864,
            "netIncome": 31654807
          },
          {
            "symbolCode": "2454.TW",
            "exchangeArea": "TPE",
            "reportDate": "2023-12-31",
            "fiscalYear": 2023,
            "fiscalMonth": 12,
            "reportType": "quarterly",
            "dataSource": "yahoo-finance-tw",
            "lastUpdated": "2025-08-09T08:21:01.056Z",
            "revenue": 129562005,
            "grossProfit": 62616388,
            "operatingExpenses": 37880664,
            "operatingIncome": 24735724,
            "netIncome": 25713115
          },
          {
            "symbolCode": "2454.TW",
            "exchangeArea": "TPE",
            "reportDate": "2023-09-30",
            "fiscalYear": 2023,
            "fiscalMonth": 9,
            "reportType": "quarterly",
            "dataSource": "yahoo-finance-tw",
            "lastUpdated": "2025-08-09T08:21:01.056Z",
            "revenue": 110097528,
            "grossProfit": 52192346,
            "operatingExpenses": 34247876,
            "operatingIncome": 17944470,
            "netIncome": 18568514
          },
          {
            "symbolCode": "2454.TW",
            "exchangeArea": "TPE",
            "reportDate": "2023-06-30",
            "fiscalYear": 2023,
            "fiscalMonth": 6,
            "reportType": "quarterly",
            "dataSource": "yahoo-finance-tw",
            "lastUpdated": "2025-08-09T08:21:01.056Z",
            "revenue": 98135284,
            "grossProfit": 46646062,
            "operatingExpenses": 31895512,
            "operatingIncome": 14750550,
            "netIncome": 16018824
          },
          {
            "symbolCode": "2454.TW",
            "exchangeArea": "TPE",
            "reportDate": "2023-03-31",
            "fiscalYear": 2023,
            "fiscalMonth": 3,
            "reportType": "quarterly",
            "dataSource": "yahoo-finance-tw",
            "lastUpdated": "2025-08-09T08:21:01.056Z",
            "revenue": 95651513,
            "grossProfit": 45912242,
            "operatingExpenses": 31543480,
            "operatingIncome": 14368762,
            "netIncome": 16890491
          },
          {
            "symbolCode": "2454.TW",
            "exchangeArea": "TPE",
            "reportDate": "2022-12-31",
            "fiscalYear": 2022,
            "fiscalMonth": 12,
            "reportType": "quarterly",
            "dataSource": "yahoo-finance-tw",
            "lastUpdated": "2025-08-09T08:21:01.056Z",
            "revenue": 108194084,
            "grossProfit": 52261366,
            "operatingExpenses": 34175111,
            "operatingIncome": 18086255,
            "netIncome": 18514402
          },
          {
            "symbolCode": "2454.TW",
            "exchangeArea": "TPE",
            "reportDate": "2022-09-30",
            "fiscalYear": 2022,
            "fiscalMonth": 9,
            "reportType": "quarterly",
            "dataSource": "yahoo-finance-tw",
            "lastUpdated": "2025-08-09T08:21:01.056Z",
            "revenue": 142161276,
            "grossProfit": 70095409,
            "operatingExpenses": 37041379,
            "operatingIncome": 33054030,
            "netIncome": 31085361
          },
          {
            "symbolCode": "2454.TW",
            "exchangeArea": "TPE",
            "reportDate": "2022-06-30",
            "fiscalYear": 2022,
            "fiscalMonth": 6,
            "reportType": "quarterly",
            "dataSource": "yahoo-finance-tw",
            "lastUpdated": "2025-08-09T08:21:01.056Z",
            "revenue": 155729821,
            "grossProfit": 76764285,
            "operatingExpenses": 37583322,
            "operatingIncome": 39180963,
            "netIncome": 35612001
          },
          {
            "symbolCode": "2454.TW",
            "exchangeArea": "TPE",
            "reportDate": "2022-03-31",
            "fiscalYear": 2022,
            "fiscalMonth": 3,
            "reportType": "quarterly",
            "dataSource": "yahoo-finance-tw",
            "lastUpdated": "2025-08-09T08:21:01.056Z",
            "revenue": 142710849,
            "grossProfit": 71783375,
            "operatingExpenses": 35316171,
            "operatingIncome": 36467204,
            "netIncome": 33413257
          },
          {
            "symbolCode": "2454.TW",
            "exchangeArea": "TPE",
            "reportDate": "2021-12-31",
            "fiscalYear": 2021,
            "fiscalMonth": 12,
            "reportType": "quarterly",
            "dataSource": "yahoo-finance-tw",
            "lastUpdated": "2025-08-09T08:21:01.056Z",
            "revenue": 128653877,
            "grossProfit": 63829667,
            "operatingExpenses": 34108536,
            "operatingIncome": 29721131,
            "netIncome": 30147500
          },
          {
            "symbolCode": "2454.TW",
            "exchangeArea": "TPE",
            "reportDate": "2021-09-30",
            "fiscalYear": 2021,
            "fiscalMonth": 9,
            "reportType": "quarterly",
            "dataSource": "yahoo-finance-tw",
            "lastUpdated": "2025-08-09T08:21:01.056Z",
            "revenue": 131074320,
            "grossProfit": 61216107,
            "operatingExpenses": 31929216,
            "operatingIncome": 29286891,
            "netIncome": 28361151
          },
          {
            "symbolCode": "2454.TW",
            "exchangeArea": "TPE",
            "reportDate": "2021-06-30",
            "fiscalYear": 2021,
            "fiscalMonth": 6,
            "reportType": "quarterly",
            "dataSource": "yahoo-finance-tw",
            "lastUpdated": "2025-08-09T08:21:01.056Z",
            "revenue": 125653403,
            "grossProfit": 58038437,
            "operatingExpenses": 29204123,
            "operatingIncome": 28834314,
            "netIncome": 27586638
          },
          {
            "symbolCode": "2454.TW",
            "exchangeArea": "TPE",
            "reportDate": "2021-03-31",
            "fiscalYear": 2021,
            "fiscalMonth": 3,
            "reportType": "quarterly",
            "dataSource": "yahoo-finance-tw",
            "lastUpdated": "2025-08-09T08:21:01.056Z",
            "revenue": 108032982,
            "grossProfit": 48520384,
            "operatingExpenses": 28322486,
            "operatingIncome": 20197898,
            "netIncome": 25777244
          },
          {
            "symbolCode": "2454.TW",
            "exchangeArea": "TPE",
            "reportDate": "2020-12-31",
            "fiscalYear": 2020,
            "fiscalMonth": 12,
            "reportType": "quarterly",
            "dataSource": "yahoo-finance-tw",
            "lastUpdated": "2025-08-09T08:21:01.056Z",
            "revenue": 96405226,
            "grossProfit": 42863458,
            "operatingExpenses": 27490605,
            "operatingIncome": 15372853,
            "netIncome": 14957125
          },
          {
            "symbolCode": "2454.TW",
            "exchangeArea": "TPE",
            "reportDate": "2020-09-30",
            "fiscalYear": 2020,
            "fiscalMonth": 9,
            "reportType": "quarterly",
            "dataSource": "yahoo-finance-tw",
            "lastUpdated": "2025-08-09T08:21:01.056Z",
            "revenue": 97274734,
            "grossProfit": 43028418,
            "operatingExpenses": 28399972,
            "operatingIncome": 14628446,
            "netIncome": 13366548
          },
          {
            "symbolCode": "2454.TW",
            "exchangeArea": "TPE",
            "reportDate": "2020-06-30",
            "fiscalYear": 2020,
            "fiscalMonth": 6,
            "reportType": "quarterly",
            "dataSource": "yahoo-finance-tw",
            "lastUpdated": "2025-08-09T08:21:01.056Z",
            "revenue": 67603053,
            "grossProfit": 29406537,
            "operatingExpenses": 21990886,
            "operatingIncome": 7415651,
            "netIncome": 7310425
          }
        ]
      },
      "timestamp": "2025-08-09T08:21:01.192Z",
      "success": true,
      "screenshot": "<Buffer 328001 bytes>"
    }
  ]
}
